
@article{topçuolu2020,
	title = {A Framework for Effective Application of Machine Learning to Microbiome-Based Classification Problems},
	author = {{Topçuo{\u{g}}lu}, {Begüm D.} and {Lesniak}, {Nicholas A.} and {Ruffin}, {Mack T.} and {Wiens}, {Jenna} and {Schloss}, {Patrick D.}},
	year = {2020},
	month = {06},
	date = {2020-06-30},
	journal = {mBio},
	volume = {11},
	number = {3},
	doi = {10.1128/mBio.00434-20},
	url = {https://mbio.asm.org/content/11/3/e00434-20},
	note = {Publisher: American Society for Microbiology
Section: Research Article
PMID: 32518182},
	langid = {en}
}

@article{garcía2011,
	title = {Factors Influencing Colorectal Cancer Screening Participation},
	author = {{García}, {Gimeno} and {Z}, {Antonio}},
	year = {2011},
	month = {12},
	date = {2011-12-01},
	journal = {Gastroenterology Research and Practice},
	pages = {e483417},
	volume = {2012},
	doi = {10.1155/2012/483417},
	url = {https://www.hindawi.com/journals/grp/2012/483417/},
	note = {Publisher: Hindawi},
	langid = {en}
}

@article{garcía2011a,
	title = {Factors Influencing Colorectal Cancer Screening Participation},
	author = {{García}, {Gimeno} and {Z}, {Antonio}},
	year = {2011},
	month = {12},
	date = {2011-12-01},
	journal = {Gastroenterology Research and Practice},
	pages = {e483417},
	volume = {2012},
	doi = {10.1155/2012/483417},
	url = {https://www.hindawi.com/journals/grp/2012/483417/},
	note = {Publisher: Hindawi},
	langid = {en}
}

@article{siegel2020,
	title = {Colorectal cancer statistics, 2020},
	author = {{Siegel}, {Rebecca L.} and {Miller}, {Kimberly D.} and {Sauer}, {Ann Goding} and {Fedewa}, {Stacey A.} and {Butterly}, {Lynn F.} and {Anderson}, {Joseph C.} and {Cercek}, {Andrea} and {Smith}, {Robert A.} and {Jemal}, {Ahmedin}},
	year = {2020},
	date = {2020},
	journal = {CA: A Cancer Journal for Clinicians},
	pages = {145--164},
	volume = {70},
	number = {3},
	doi = {https://doi.org/10.3322/caac.21601},
	url = {https://acsjournals.onlinelibrary.wiley.com/doi/abs/10.3322/caac.21601},
	note = {{\_}eprint: https://acsjournals.onlinelibrary.wiley.com/doi/pdf/10.3322/caac.21601},
	langid = {en}
}

@article{callahan2017,
	title = {Exact sequence variants should replace operational taxonomic units in marker-gene data analysis},
	author = {{Callahan}, {Benjamin J.} and {McMurdie}, {Paul J.} and {Holmes}, {Susan P.}},
	year = {2017},
	month = {12},
	date = {2017-12},
	journal = {The ISME Journal},
	pages = {2639--2643},
	volume = {11},
	number = {12},
	doi = {10.1038/ismej.2017.119},
	url = {https://www.nature.com/articles/ismej2017119},
	note = {Number: 12
Publisher: Nature Publishing Group},
	langid = {en}
}

@article{callahan2016,
	title = {DADA2: High-resolution sample inference from Illumina amplicon data},
	author = {{Callahan}, {Benjamin J.} and {McMurdie}, {Paul J.} and {Rosen}, {Michael J.} and {Han}, {Andrew W.} and {Johnson}, {Amy Jo A.} and {Holmes}, {Susan P.}},
	year = {2016},
	month = {07},
	date = {2016-07},
	journal = {Nature Methods},
	pages = {581--583},
	volume = {13},
	number = {7},
	doi = {10.1038/nmeth.3869},
	url = {https://www.nature.com/articles/nmeth.3869},
	note = {Bandiera{\_}abtest: a
Cg{\_}type: Nature Research Journals
Number: 7
Primary{\_}atype: Research
Publisher: Nature Publishing Group
Subject{\_}term: Metagenomics;Software;Statistical methods
Subject{\_}term{\_}id: metagenomics;software;statistical-methods},
	langid = {en}
}

@article{lobo2008,
	title = {AUC: a misleading measure of the performance of predictive distribution models},
	author = {{Lobo}, {Jorge M.} and {Jiménez-Valverde}, {Alberto} and {Real}, {Raimundo}},
	year = {2008},
	month = {03},
	date = {2008-03},
	journal = {Global Ecology and Biogeography},
	pages = {145--151},
	volume = {17},
	number = {2},
	doi = {10.1111/j.1466-8238.2007.00358.x},
	url = {https://onlinelibrary.wiley.com/doi/10.1111/j.1466-8238.2007.00358.x},
	langid = {en}
}
